@book{clrs, place={Cambridge (Inglaterra)}, edition={3}, title={Introduction to algorithms}, publisher={MIT Press}, author={Cormen, Thomas H. and Leiserson, Charles E. and Rivest, Ronald L. and Stein, Clifford}, year={2009}}
@misc{hashmap, author={Oracle}, title={{HashMap (Java Platform SE 8)}}, url={https://docs.oracle.com/javase/8/docs/api/java/util/HashMap.html}, journal={HashMap (Java Platform SE 8 )}, publisher={Oracle}, year={2019}, month={Mar}}
@misc{demaine_indyk_kellis_2011, title={Resizing Hash Tables}, url={https://courses.csail.mit.edu/6.006/spring11/rec/rec07.pdf}, journal={6.006: Introduction to Algorithms}, publisher={Massachusetts Institute of Technology}, author={Demaine, Erik and Indyk, Piotr and Kellis, Manolis}, year={2011}, month={Feb}}
@misc{treemap, author={{Oracle}}, title={{TreeMap (Java Platform SE 8)}}, url={https://docs.oracle.com/javase/8/docs/api/java/util/TreeMap.html}, journal={TreeMap (Java Platform SE 8)}, publisher={Oracle}, year={2019}, month={Mar}}
@misc{arraylist, author={Oracle}, title={{ArrayList (Java Platform SE 8)}}, url={https://docs.oracle.com/javase/8/docs/api/java/util/AraryList.html}, journal={AraryList (Java Platform SE 8 )}, publisher={Oracle}, year={2019}, month={Mar}}
@misc{sort, author={{Oracle}}, title={{Arrays.sort() (Java Platform SE 8)}}, url={https://docs.oracle.com/javase/8/docs/api/java/util/Arrays.html#sort-java.lang.Object:A-}, journal={Arrays.sort() (Java Platform SE 8 )}, publisher={Oracle}, year={2019}, month={Mar}}
@misc{redblack, place={UW–Madison}, title={{CS 367: Red-Black Trees}}, publisher={UW–Madison (Computer Sciences)}, author={Beck Hasti}, year={2012}, url={http://pages.cs.wisc.edu/~skrentny/cs367-common/readings/Red-Black-Trees/}
}